<?xml version="1.0" encoding="UTF-8" ?>
<collection xmlns:xsi="http://www.w3.org/2001/XMLSchema-instance" xsi:schemaLocation="http://www.loc.gov/MARC21/slim http://www.loc.gov/standards/marcxml/schema/MARC21slim.xsd" xmlns="http://www.loc.gov/MARC21/slim">
   <record>
      <leader>     mam a22        4500</leader>
      <controlfield tag="001">1932518</controlfield>
      <controlfield tag="003">NIC</controlfield>
      <controlfield tag="005">20140820204506.0</controlfield>
      <controlfield tag="008">850610s1878    tu      a     000 0 araod</controlfield>
      <datafield tag="010" ind1=" " ind2=" ">
         <subfield code="a">ne 62001118  </subfield>
      </datafield>
      <datafield tag="035" ind1=" " ind2=" ">
         <subfield code="a">(NIC)notisAJZ6723</subfield>
      </datafield>
      <datafield tag="035" ind1=" " ind2=" ">
         <subfield code="a">(OCoLC)64026165</subfield>
      </datafield>
      <datafield tag="035" ind1=" " ind2=" ">
         <subfield code="a">1932518</subfield>
      </datafield>
      <datafield tag="040" ind1=" " ind2=" ">
         <subfield code="a">PU</subfield>
         <subfield code="c">PSt</subfield>
         <subfield code="d">NIC</subfield>
      </datafield>
      <datafield tag="050" ind1="0" ind2=" ">
         <subfield code="a">AG190.A7</subfield>
         <subfield code="b">M8</subfield>
      </datafield>
      <datafield tag="100" ind1="0" ind2=" ">
         <subfield code="a">Muḥammad Ṣiddīq Ḥasan,</subfield>
         <subfield code="c">Nawab of Bhopal,</subfield>
         <subfield code="d">1832-1890.</subfield>
      </datafield>
      <datafield tag="245" ind1="1" ind2="0">
         <subfield code="a">Luqṭat al-ʻajlān mimmā tamassu ilá maʾrifatihi ḥājat al-insān. wa-fī ʾakhirihā Khabiʾat al-akwān fī iftirāq al-umam ʻalʾa al-madhāhib wa-al-adyān.</subfield>
         <subfield code="c">taʾlīf Muḥammad Ṣiddīq Ḥasan Khān.</subfield>
      </datafield>
      <datafield tag="260" ind1=" " ind2=" ">
         <subfield code="a">[Āsitānah],</subfield>
         <subfield code="b">Maṭbaʻat al-Jawāʾib,</subfield>
         <subfield code="c">1296 [1878 or 1879]</subfield>
      </datafield>
      <datafield tag="300" ind1=" " ind2=" ">
         <subfield code="a">4, 318, 8 p.</subfield>
         <subfield code="c">25 cm.</subfield>
      </datafield>
      <datafield tag="533" ind1=" " ind2=" ">
         <subfield code="a">Photocopy.</subfield>
         <subfield code="b">[Ithaca, N.Y.] :</subfield>
         <subfield code="c">Ridley&apos;s Book Bindery,</subfield>
         <subfield code="c">1992.</subfield>
         <subfield code="e">24 cm.</subfield>
      </datafield>
      <datafield tag="650" ind1=" " ind2="0">
         <subfield code="a">Handbooks, vade-mecums, etc.</subfield>
      </datafield>
      <datafield tag="740" ind1="0" ind2=" ">
         <subfield code="a">Khabiʾat al-akwān fī iftirāq al-umam ʻalʾa al-madhāhib wa-al-adyān.</subfield>
      </datafield>
      <datafield tag="905" ind1=" " ind2=" ">
         <subfield code="a">19950309120000.0</subfield>
      </datafield>
      <datafield tag="903" ind1=" " ind2=" ">
         <subfield code="a">NYUACO</subfield>
         <subfield code="d">20141028</subfield>
         <subfield code="p">31924074282124</subfield>
      </datafield>
      <datafield tag="950" ind1=" " ind2=" ">
         <subfield code="a">AG190.A7</subfield>
         <subfield code="b">M95 1878a</subfield>
         <subfield code="v"> </subfield>
      </datafield>
   </record>
</collection>
